
[{"date":1715090199,"type":"buy","price":"0.04818000","quantity":"0.12800000"},{"date":1715090213,"type":"buy","price":"0.04818000","quantity":"0.00600000"},{"date":1715091966,"type":"sell","price":"0.04817499","quantity":"0.04000000"},{"date":1715091966,"type":"sell","price":"0.04817000","quantity":"0.00008649"},{"date":1715092457,"type":"buy","price":"0.04816999","quantity":"0.02626727"},{"date":1715092798,"type":"sell","price":"0.04812000","quantity":"0.04333713"},{"date":1715092798,"type":"sell","price":"0.04810000","quantity":"0.06960440"},{"date":1715092798,"type":"sell","price":"0.04808169","quantity":"0.01705847"},{"date":1715093558,"type":"buy","price":"0.04816999","quantity":"0.02171152"},{"date":1715093664,"type":"buy","price":"0.04816999","quantity":"0.00556141"},{"date":1715095552,"type":"sell","price":"0.04808169","quantity":"0.03806153"},{"date":1715095577,"type":"sell","price":"0.04807169","quantity":"0.05100000"},{"date":1715095577,"type":"sell","price":"0.04807168","quantity":"0.09901877"},{"date":1715095577,"type":"sell","price":"0.04797166","quantity":"0.09518203"},{"date":1715095746,"type":"buy","price":"0.04797166","quantity":"27.41740143"},{"date":1715098147,"type":"buy","price":"0.04800000","quantity":"0.01000000"},{"date":1715098153,"type":"sell","price":"0.04809999","quantity":"0.00802484"},{"date":1715098176,"type":"sell","price":"0.04797166","quantity":"0.00141294"},{"date":1715098176,"type":"sell","price":"0.04797166","quantity":"0.00858706"},{"date":1715098181,"type":"sell","price":"0.04797181","quantity":"0.00869364"},{"date":1715098181,"type":"sell","price":"0.04797166","quantity":"0.00130636"},{"date":1715098191,"type":"sell","price":"0.04797166","quantity":"0.01000000"},{"date":1715098197,"type":"sell","price":"0.04797166","quantity":"0.04274290"},{"date":1715098270,"type":"buy","price":"0.04794000","quantity":"0.02600000"},{"date":1715098316,"type":"buy","price":"0.04791000","quantity":"0.74323226"},{"date":1715101470,"type":"buy","price":"0.04844937","quantity":"0.01800110"},{"date":1715101470,"type":"buy","price":"0.04844938","quantity":"0.01350495"},{"date":1715101483,"type":"sell","price":"0.04776446","quantity":"0.02550156"},{"date":1715101483,"type":"sell","price":"0.04776445","quantity":"0.00600449"},{"date":1715101543,"type":"buy","price":"0.04844248","quantity":"0.00650000"},{"date":1715103457,"type":"sell","price":"0.04776586","quantity":"0.01200000"},{"date":1715110454,"type":"sell","price":"0.04776472","quantity":"0.03150922"},{"date":1715110454,"type":"sell","price":"0.04776471","quantity":"0.01353923"},{"date":1715110454,"type":"sell","price":"0.04776296","quantity":"0.03000041"},{"date":1715110454,"type":"sell","price":"0.04776293","quantity":"0.04267947"},{"date":1715110454,"type":"sell","price":"0.04776173","quantity":"0.04796014"},{"date":1715110455,"type":"buy","price":"0.04776173","quantity":"0.01411153"},{"date":1715123106,"type":"buy","price":"0.04777000","quantity":"0.08936510"},{"date":1715123107,"type":"buy","price":"0.04777000","quantity":"1.67279290"},{"date":1715123257,"type":"buy","price":"0.04831706","quantity":"0.08965000"},{"date":1715123257,"type":"buy","price":"0.04831706","quantity":"0.00207511"},{"date":1715123257,"type":"buy","price":"0.04831707","quantity":"0.00600449"},{"date":1715123259,"type":"sell","price":"0.04831721","quantity":"0.00399520"},{"date":1715123316,"type":"buy","price":"0.04831829","quantity":"0.00179303"},{"date":1715123318,"type":"buy","price":"0.04831829","quantity":"0.07919774"},{"date":1715123318,"type":"buy","price":"0.04831830","quantity":"1.89040245"},{"date":1715123481,"type":"sell","price":"0.04779956","quantity":"0.00705624"},{"date":1715123496,"type":"buy","price":"0.04800000","quantity":"0.17600000"},{"date":1715123508,"type":"buy","price":"0.04800000","quantity":"0.00021580"},{"date":1715124835,"type":"buy","price":"0.04831829","quantity":"0.03597120"},{"date":1715126820,"type":"buy","price":"0.04800000","quantity":"0.50000000"},{"date":1715128813,"type":"sell","price":"0.04793152","quantity":"0.00208630"},{"date":1715129570,"type":"sell","price":"0.04793151","quantity":"0.02294941"},{"date":1715129570,"type":"sell","price":"0.04785933","quantity":"0.03887293"},{"date":1715129603,"type":"buy","price":"0.04793151","quantity":"0.00208630"},{"date":1715129603,"type":"buy","price":"0.04793152","quantity":"0.00291370"},{"date":1715129779,"type":"sell","price":"0.04785931","quantity":"0.00342329"},{"date":1715129779,"type":"sell","price":"0.04784736","quantity":"0.09261723"},{"date":1715129779,"type":"sell","price":"0.04784735","quantity":"0.00340189"},{"date":1715129779,"type":"sell","price":"0.04783542","quantity":"0.00209050"},{"date":1715129779,"type":"sell","price":"0.04783540","quantity":"0.00338883"},{"date":1715129780,"type":"buy","price":"0.04772789","quantity":"0.02907826"},{"date":1715130504,"type":"buy","price":"0.04811324","quantity":"0.00457805"},{"date":1715130507,"type":"buy","price":"0.04810121","quantity":"0.00457805"},{"date":1715130509,"type":"buy","price":"0.04810121","quantity":"0.00457805"},{"date":1715130512,"type":"buy","price":"0.04806513","quantity":"0.00337965"},{"date":1715130513,"type":"buy","price":"0.04806513","quantity":"0.00003086"},{"date":1715135270,"type":"buy","price":"0.04831825","quantity":"0.01676398"},{"date":1715139144,"type":"sell","price":"0.04810000","quantity":"0.00552164"},{"date":1715142777,"type":"buy","price":"0.04829349","quantity":"0.03111682"},{"date":1715142777,"type":"buy","price":"0.04829350","quantity":"0.00700148"},{"date":1715148345,"type":"sell","price":"0.04810000","quantity":"0.00108305"},{"date":1715155918,"type":"sell","price":"0.04813000","quantity":"0.02000000"},{"date":1715160917,"type":"sell","price":"0.04813000","quantity":"0.08300000"},{"date":1715160917,"type":"sell","price":"0.04813000","quantity":"0.01242026"},{"date":1715160940,"type":"buy","price":"0.04812916","quantity":"0.03563989"},{"date":1715160941,"type":"sell","price":"0.04813000","quantity":"0.00899225"},{"date":1715160942,"type":"sell","price":"0.04810000","quantity":"0.14500000"},{"date":1715160942,"type":"sell","price":"0.04810000","quantity":"0.24200000"},{"date":1715160956,"type":"sell","price":"0.04813000","quantity":"0.04400000"},{"date":1715160956,"type":"sell","price":"0.04813000","quantity":"0.00063214"},{"date":1715160973,"type":"sell","price":"0.04813000","quantity":"0.04100000"},{"date":1715160973,"type":"sell","price":"0.04813000","quantity":"0.00363214"},{"date":1715160990,"type":"sell","price":"0.04813000","quantity":"0.01400000"},{"date":1715161048,"type":"sell","price":"0.04813000","quantity":"0.01400000"},{"date":1715161054,"type":"sell","price":"0.04813000","quantity":"0.01500000"},{"date":1715161054,"type":"sell","price":"0.04813000","quantity":"0.00020865"},{"date":1715161082,"type":"sell","price":"0.04813000","quantity":"0.04200000"},{"date":1715161082,"type":"sell","price":"0.04813000","quantity":"0.01384549"},{"date":1715161110,"type":"sell","price":"0.04813000","quantity":"0.06012977"},{"date":1715161111,"type":"sell","price":"0.04813000","quantity":"0.03562235"},{"date":1715161112,"type":"sell","price":"0.04813000","quantity":"0.01200000"},{"date":1715161114,"type":"sell","price":"0.04813000","quantity":"0.00075824"},{"date":1715161412,"type":"sell","price":"0.04810000","quantity":"0.31200000"},{"date":1715164733,"type":"buy","price":"0.04821432","quantity":"0.06509819"},{"date":1715164733,"type":"buy","price":"0.04821433","quantity":"0.03564373"},{"date":1715164817,"type":"buy","price":"0.04824667","quantity":"0.05207855"},{"date":1715164817,"type":"buy","price":"0.04824998","quantity":"0.08431478"},{"date":1715168320,"type":"sell","price":"0.04810000","quantity":"0.03857407"},{"date":1715168663,"type":"sell","price":"0.04810000","quantity":"0.03572407"}]